@article{EDER2015,
   title = {{Diferenciando as abordagens tradicional e \~A!`gil de gerenciamento de projetos}},
   journal = {{Production}},
   author={Eder, Samuel AND Conforto, Edivandro Carlos AND Amaral, Daniel Capaldo AND Silva, Sergio Luis da},
   ISSN = {0103-6513},
   language = {pt},
   URL = {http://www.scielo.br/scielo.php?script=sci_arttext&pid=S0103-65132015000300482&nrm=iso},
   volume = {25},
   year = {2015},
   month = {09},
   pages = {482 - 497},
   publisher = {scielo},
   crossref = {10.1590/S0103-65132014005000021},
   }