@book{pressman2006,
  title={Engenharia de software},
  author={Pressman, R.S.},
  isbn={9788586804571},
  url={https://books.google.com.br/books?id=MNM6AgAACAAJ},
  year={2006},
  publisher={McGraw-Hill},
  edition={6}
}

@book{sommerville2011,
  title={Engenharia de software},
  author={Ian Sommerville},
  isbn={9788579361081},
  year={2011},
  publisher={Pearson},
  edition={9},
  adreess={São Paulo},
  pages={580}
}

@TechReport{standish2013,
organization = {Standish Group},
title = {The Chaos Report},
institution = {Standish Group},
year = {2013}
}

@Book{pmi2013,
organization = {PROJECT MANAGEMENT INSTITUTE},
org-short = {PMI},
publisher = {Saraiva},
title = {Guia PMBOK},
subtitle = {Um Guia do Conhecimento Em Gerenciamento de Projetos},
year = {2013},
pages = {496}
}

@Book{prikladnickiAtAll,
author = {Rafael Prikladnicki and Renato Willi and Fabiano Milani},
title = {Métodos ágeis para desenvolvimento de software},
publisher = {Bookman},
pages = {289},
year = {2014},
address = {Porto Alegre}
}

@Book{kerzner2011,
author = {Harold Kerzner},
title = {Gerenciamento de Projetos},
subtitle = {uma abordagem sistemica para planejamento, programação e controle},
publisher = {Blucher},
year = {2011},
address = {São Paulo},
edition = {10},
pages = {676}
}

@Book{grayLarson2009,
author = {Clifford F. Gray and Erik W. Larson},
title = {Gerenciamento de Projetos - o processo gerencial},
publisher = {MCGRAW-HILL BRASIL},
year = {2009},
pages = {589},
address = {São Paulo},
edition = {4}
}

@Book{Cruz2013,
author = {Fabio Cruz},
editor = {Sergio Martins de Oliveira},
title = {Scrum e Guia PMBOK$^{\tiny{\textregistered}}$ unidos no gerenciamento de projetos},
publisher = {Brasport},
year = {2013},
address = {Rio de Janeiro},
edition = {1},
pages = {382}
}

@article{EDER2015,
   title = {{Diferenciando as abordagens tradicional e \~A!`gil de gerenciamento de projetos}},
   journal = {{Production}},
   author={Eder, Samuel AND Conforto, Edivandro Carlos AND Amaral, Daniel Capaldo AND Silva, Sergio Luis da},
   ISSN = {0103-6513},
   language = {pt},
   URL = {http://www.scielo.br/scielo.php?script=sci_arttext&pid=S0103-65132015000300482&nrm=iso},
   volume = {25},
   year = {2015},
   month = {09},
   pages = {482 - 497},
   publisher = {scielo},
   crossref = {10.1590/S0103-65132014005000021}
   }
   
@thesis{Rafael2012,
  address={São Paulo},
  author={R. Martins},
  pages={46},
  school={Faculdade de Tecnologia de São Paulo – FATECSP},
  title={Desenvolvimento de projetos ágeis alinhados às práticas do PMBOK},
  type={Graduação},
  year={2012}
  }
  
@misc{manifesto2001,
  author={Kent Beck and Mike Beedle and Arie van Bennekum and Alistair Cockburn and Ward Cunningham and Martin Fowler and James Grenning and Jim Highsmith and Andrew Hunt and Ron Jeffries and Jon Kern and Brian Marick and Robert C. Martin and Steve Mellor and Ken Schwaber and Jeff Sutherland and Dave Thomas},
  title={Manifesto para Desenvolvimento Ágil de Software},
  url={http://agilemanifesto.org/iso/ptbr},
  urlaccessdate={20 jan. 2016},
  year={2001}
  }