@book{pressman2006,
  title={Engenharia de software},
  author={Pressman, R.S.},
  isbn={9788586804571},
  url={https://books.google.com.br/books?id=MNM6AgAACAAJ},
  year={2006},
  publisher={McGraw-Hill}
}
